@inproceedings{hoffmann2007quadrotor,
  title={Quadrotor helicopter flight dynamics and control: Theory and experiment},
  author={Hoffmann, Gabriel M and Huang, Haomiao and Waslander, Steven L and Tomlin, Claire J},
  booktitle={Proc. of the AIAA Guidance, Navigation, and Control Conference},
  volume={2},
  year={2007}
}